@BOOK{Strickel,
	AUTHOR = {Strickel},
	YEAR = {1991},
	TITLE = {Datenbankdesign: Methoden und Übungen},
	EDITION = {},
	ISBN = {3-409-13937-0},
	PUBLISHER = {Gabler},
	ADDRESS = {Wiesbaden},
}


@BOOK{Balzert,
	AUTHOR = {Balzert},
	YEAR = {2005},
	TITLE = {Lehrbuch der Objektmodellierung},
	EDITION = {},
	ISBN = {3-8274-1162-9},
	PUBLISHER = {Spektrum Akademischer Verlag},
	ADDRESS = {München},
}


@BOOK{Theis,
	AUTHOR = {Theis},
	YEAR = {2013},
	TITLE = {Einstieg in PHP 5.5 und MySQL 5.6},
	EDITION = {},
	ISBN = {978-3-8362-2489-5},
	PUBLISHER = {Gabler},
	ADDRESS = {Wiesbaden},
}

@BOOK{dao101,
	AUTHOR = {Staud},
	YEAR = {2010},
	TITLE = {Grundlagen der Datenorganisation: Vom Datenmodell zur Speicherung in Dateien},
	EDITION = {},
	PUBLISHER = {AKAD. Die Privathochschulen GmbH},
	ADDRESS = {Stuttgart},
}


@MISC{Hauer:singleton,
	author = {Hauer},
	title = {{Das Singleton Design Pattern, Abruf am 11.10.2013}},
	year = {2010},
    howpublished={\url{http://www.philipphauer.de/study/se/design-pattern/singleton.php#nachteile}}
}

@MISC{friedl:sqlinjection,
	author = {Friedl},
	title = {{SQL Injection Attacks by Example, Abruf am 25.10.2013}},
	year = {2007},
    howpublished={\url{http://www.unixwiz.net/techtips/sql-injection.html}}
}

@MISC{vodafone,
	author = {Fuest},
	title = {{Fall Vodafone zeigt die wahren Sicherheitslücken, Abruf am 25.10.2013}},
	year = {2013},
	howpublished={\url{http://www.welt.de/wirtschaft/webwelt/article119967954/Fall-Vodafone-zeigt-die-wahren-Sicherheitsluecken.html}}
}

@MISC{mysql:md5,
	author = {Oracle},
	title = {{MySQL 5.5 Manual: Encryption and Compression Functions, Abruf am 25.10.2013}},
	year = {2013},
	howpublished={\url{https://dev.mysql.com/doc/refman/5.5/en/encryption-functions.html#function_md5}}
}

@MISC{php:md5,
	author = {{Olson (Hrsg.)}},
	title = {{PHP Manual: Safe Password Hashing, Abruf am 25.10.2013}},
	year = {2013},
	howpublished={\url{http://www.php.net/manual/de/faq.passwords.php#faq.passwords.fasthash}}
}




